% This file was created with JabRef 2.3.1.
% Encoding: Cp1250

@ARTICLE{Bjorvatn2006,
  author = {Bjorvatn, Kjetil and Eckel, Carsten},
  title = {{Policy Competition for Foreign Direct Investment Between Asymmetric
	Countries}},
  journal = {European Economic Review},
  year = {2006},
  volume = {50},
  pages = {1891-1907},
  number = {7},
  month = {October}
}

@inproceedings{ribeiro2016should,
  title={" Why should i trust you?" Explaining the predictions of any classifier},
  author={Ribeiro, Marco Tulio and Singh, Sameer and Guestrin, Carlos},
  booktitle={Proceedings of the 22nd ACM SIGKDD international conference on knowledge discovery and data mining},
  pages={1135-1144},
  year={2016}
}

@book{cichosz2014data,
  title={Data mining algorithms: explained using R},
  author={Cichosz, Pawel},
  year={2014},
  publisher={John Wiley \& Sons}
}

@inproceedings{brabec2020model,
  title={On model evaluation under non-constant class imbalance},
  author={Brabec, Jan and Kom{\'a}rek, Tom{\'a}{\v{s}} and Franc, Vojt{\v{e}}ch and Machlica, Luk{\'a}{\v{s}}},
  booktitle={Computational Science--ICCS 2020: 20th International Conference, Amsterdam, The Netherlands, June 3--5, 2020, Proceedings, Part IV 20},
  pages={74--87},
  year={2020},
  organization={Springer}
}

@article{chicco2020advantages,
  title={The advantages of the Matthews correlation coefficient (MCC) over F1 score and accuracy in binary classification evaluation},
  author={Chicco, Davide and Jurman, Giuseppe},
  journal={BMC genomics},
  volume={21},
  pages={1--13},
  year={2020},
  publisher={Springer}
}

@article{boughorbel2017optimal,
  title={Optimal classifier for imbalanced data using Matthews Correlation Coefficient metric},
  author={Boughorbel, Sabri and Jarray, Fethi and El-Anbari, Mohammed},
  journal={PloS one},
  volume={12},
  number={6},
  pages={e0177678},
  year={2017},
  publisher={Public Library of Science San Francisco, CA USA}
}
@article{adeodato2016equivalence,
  title={On the equivalence between Kolmogorov-Smirnov and ROC curve metrics for binary classification},
  author={Adeodato, Paulo JL and Melo, S{\'\i}lvio B},
  journal={arXiv preprint arXiv:1606.00496},
  year={2016}
}

@article{newson2002parameters,
  title={Parameters behind “nonparametric” statistics: Kendall's tau, Somers’ D and median differences},
  author={Newson, Roger},
  journal={The Stata Journal},
  volume={2},
  number={1},
  pages={45--64},
  year={2002},
  publisher={SAGE Publications Sage CA: Los Angeles, CA}
}

@misc{newson2014interpretation,
  title={Interpretation of Somers' D under four simple models},
  author={Newson, Roger B},
  year={2014}
}

@misc{dembla2020intuition,
author = {Dembla, G.},
title = {Intuition behind log-loss score},
howpublished = {Medium},
month = {Nov},
year = {2020},
url = {https://towardsdatascience.com/intuition-behind-log-loss-score-4e0c9979680a},
note = {Retrieved April 30, 2023}
}


@article{brownlee2021failure,
  title={Failure of classification accuracy for imbalanced class distributions},
  author={Brownlee, Jason},
  journal={MachineLearningMastery.com},
  year={2021},
  month={January},
  day={21},
  url={https://machinelearningmastery.com/failure-of-accuracy-for-imbalanced-class-distributions/},
  urldate={April 30, 2023}
}

@book{japkowicz2011evaluating,
  title={Evaluating learning algorithms: a classification perspective},
  author={Japkowicz, Nathalie and Shah, Mohak},
  year={2011},
  publisher={Cambridge University Press}
}

@book{han2011data,
  title={Data Mining: Concepts and Techniques},
  author={Han, J. and Kamber, M. and Pei, J.},
  year={2011},
  edition={3rd},
  publisher={Morgan Kaufmann}
}

@book{bolon2015feature,
  title={Feature selection for high-dimensional data},
  author={Bol{\'o}n-Canedo, Ver{\'o}nica and S{\'a}nchez-Maro{\~n}o, Noelia and Alonso-Betanzos, Amparo},
  year={2015},
  publisher={Springer}
}

@book{leskovec2020mining,
  title={Mining of massive data sets},
  author={Leskovec, Jure and Rajaraman, Anand and Ullman, Jeffrey David},
  year={2020},
  publisher={Cambridge university press}
}

@misc{comotto2022evaluation,
author = {Comotto, Federico},
title = {Evaluation Metrics: Leave Your Comfort Zone and Try MCC and Brier Score},
howpublished = {Medium},
year = {2022},
month = {January},
day = {8},
url = {https://towardsdatascience.com/evaluation-metrics-leave-your-comfort-zone-and-try-mcc-and-brier-score-86307fb1236a},
note = {Retrieved April 30, 2023}
}

@misc{kaushik2016introduction,
  author = {Kaushik, Sunil},
  title = {Introduction to Feature Selection Methods with an Example (or How to Select the Right Variables?)},
  year = {2016},
  month = {December},
  publisher = {Analytics Vidhya},
  howpublished = {\url{https://www.analyticsvidhya.com/blog/2016/12/introduction-to-feature-selection-methods-with-an-example-or-how-to-select-the-right-variables/}},
  note = {Accessed: April 30, 2023}
}

@misc{Verma2020,
author = {Verma, Vikas},
title = {A comprehensive guide to feature selection using Wrapper methods in python},
year = {2020},
month = {October 24},
howpublished = {\url{https://www.analyticsvidhya.com/blog/2020/10/a-comprehensive-guide-to-feature-selection-using-wrapper-methods-in-python/}},
note = {Retrieved April 30, 2023},
publisher = {Analytics Vidhya}
}

@misc{Brownlee2020,
author = {Brownlee, Jason},
title = {Recursive feature elimination (RFE) for feature selection in Python},
year = {2020},
month = {August 25},
howpublished = {\url{https://machinelearningmastery.com/rfe-feature-selection-in-python/}},
note = {Retrieved April 28, 2023},
publisher = {MachineLearningMastery.com}
}
@misc{sfs,
title = {SequentialFeatureSelector},
author = {{scikit-learn}},
howpublished = {\url{https://scikit-learn.org/stable/modules/generated/sklearn.feature_selection.SequentialFeatureSelector.html#sklearn.feature_selection.SequentialFeatureSelector}},
note = {Retrieved April 28, 2023},
year = {n.d.},
publisher = {scikit-learn}
}

@misc{Verma2021,
author = {Verma, Yash},
title = {A complete guide to sequential feature selection},
year = {2021},
month = {August 29},
howpublished = {\url{https://analyticsindiamag.com/a-complete-guide-to-sequential-feature-selection/}},
note = {Retrieved April 28, 2023},
publisher = {Analytics India Magazine}
}

@article{randomforestmalley,
author = {Malley, James and Kruppa, J and Dasgupta, Abhijit and Malley, Karen and Ziegler, Andreas},
year = {2011},
month = {09},
pages = {74-81},
title = {Probability Machines Consistent Probability Estimation Using Nonparametric Learning Machines},
volume = {51},
journal = {Methods of information in medicine},
doi = {10.3414/ME00-01-0052}
}

@misc{gauhar2020decision,
  author = {Gauhar, Nida},
  title = {Decision tree: A classification algorithm},
  howpublished = {\url{https://learnwithgauhar.com/decision-tree-a-classification-algorithm/}},
  year = {2020},
  month = {December 24},
  note = {Accessed on April 30, 2023}
}

@book{provost2013data,
  title={Data Science for Business: What you need to know about data mining and data-analytic thinking},
  author={Provost, Foster and Fawcett, Tom},
  year={2013},
  publisher={" O'Reilly Media, Inc."}
}

@book{witten2011data,
  author = {Witten, Ian H. and Frank, Eibe and Hall, Mark and Pal, Christopher},
  title = {Data Mining: Practical Machine Learning Tools and Techniques},
  year = {2011},
  edition = {4th},
  publisher = {Morgan Kaufmann},
}

@book{wendler2021data,
  author = {Wendler, Thomas and Gr{\"o}ttrup, Sascha},
  title = {Data Mining with SPSS Modeler: Theory, Exercises and Solutions},
  year = {2021},
  publisher = {Springer},
  address = {Cham},
  isbn = {978-3-030-54338-9}
}
@book{mucherino2009data,
  title={Data mining in agriculture},
  author={Mucherino, Antonio and Papajorgji, Petraq and Pardalos, Panos M},
  volume={34},
  year={2009},
  publisher={Springer Science \& Business Media}
}

@INPROCEEDINGS{adasynhaibo,
  author={Haibo He and Yang Bai and Garcia, Edwardo A. and Shutao Li},
  booktitle={2008 IEEE International Joint Conference on Neural Networks (IEEE World Congress on Computational Intelligence)}, 
  title={ADASYN: Adaptive synthetic sampling approach for imbalanced learning}, 
  year={2008},
  volume={},
  number={},
  pages={1322-1328},
  doi={10.1109/IJCNN.2008.4633969}}

@online{igareta2021strat,
  author = {Angel Igareta},
  title = {Stratified Sampling: You May Have Been Splitting Your Dataset All Wrong},
  year = {2021},
  url = {https://towardsdatascience.com/stratified-sampling-you-may-have-been-splitting-your-dataset-all-wrong-8cfdd0d32502},
  urldate = {2023-04-17}
}

@misc{scikit-learn-sequential-feature-selector,
  title        = {SequentialFeatureSelector},
  author       = {{Scikit-learn}},
  howpublished = {\url{https://scikit-learn.org/stable/modules/generated/sklearn.feature_selection.SequentialFeatureSelector.html}},
  year         = {n.d.},
  urldate = {2023-04-17}
}

@article{rigatti2017random,
  title={Random forest},
  author={Rigatti, Steven J},
  journal={Journal of Insurance Medicine},
  volume={47},
  number={1},
  pages={31--39},
  year={2017},
  publisher={American Academy of Insurance Medicine 1700 Magnavox Way, Fort Wayne, IN 46804}
}

@ARTICLE{kornbrot2014point,
  title={Point biserial correlation},
  author={Diana Kornbrot},
  journal={Wiley StatsRef: Statistics Reference Online},
  year={2014},
  publisher={Wiley Online Library}
}


@TECHREPORT{Blomstrom2003,
  author = {Magnus Blomstrom and Ari Kokko},
  title = {{The Economics of Foreign Direct Investment Incentives}},
  institution = {National Bureau of Economic Research, Inc},
  year = {2003},
  type = {NBER Working Papers},
  number = {9489},
  month = Feb
}

@ARTICLE{Djankov2002,
  author = {Simeon Djankov and Peter Murrell},
  title = {{Enterprise Restructuring in Transition: A Quantitative Survey}},
  journal = {Journal of Economic Literature},
  year = {2002},
  volume = {40},
  pages = {739-792},
  number = {3},
  month = {September},
  owner = {Administrator},
  timestamp = {2008.07.05}
}

@ARTICLE{Haaparanta1996,
  author = {Pertti Haaparanta},
  title = {{Competition for Foreign Direct Investment}},
  journal = {Journal of Public Economics},
  year = {1996},
  volume = {63},
  pages = {141-53},
  number = {1},
  owner = {Administrator},
  timestamp = {2007.09.04}
}

@ARTICLE{Haufler2006,
  author = {Haufler, Andreas and Wooton, Ian},
  title = {{The Effects of Regional Tax and Subsidy Coordination on Foreign
	Direct Investment}},
  journal = {European Economic Review},
  year = {2006},
  volume = {50},
  pages = {285-305},
  number = {2},
  month = {February}
}

@ARTICLE{Stanley2001,
  author = {T. D. Stanley},
  title = {{Wheat from Chaff: Meta-analysis as Quantitative Literature Review}},
  journal = {Journal of Economic Perspectives},
  year = {2001},
  volume = {15},
  pages = {131-150},
  number = {3},
  month = {Summer},
  owner = {Administrator},
  timestamp = {2008.07.05},
  url = {http://ideas.repec.org/a/aea/jecper/v15y2001i3p131-150.html}
}

@BOOK{Wells2001,
  title = {{Using Tax Incentives to Compete for Foreign Investment: Are They
	Worth the Cost}?},
  publisher = {{FIAS}},
  year = {2001},
  author = {Wells, Louis T. and Allen, Nancy and Morisset, Jacques and Pirnia,
	Neda},
  address = {Washington, DC},
  owner = {Administrator},
  timestamp = {2008.01.01}
}

@comment{jabref-meta: selector_publisher:}

@comment{jabref-meta: selector_author:}

@comment{jabref-meta: selector_journal:}

@comment{jabref-meta: selector_keywords:}

